

@Manual{citeR,
    title = {{R: A Language and Environment for Statistical Computing}},
    author = {{R Core Team}},
    organization = {R Foundation for Statistical Computing},
    address = {Vienna, Austria},
    year = {2023},
    url = {https://www.R-project.org/},
  }
  
 
@book{tellingstories,
    title = {Telling Stories with Data},
    author = {Rohan Alexander},
    year = {2023},
    publisher = {Chapman; Hall/CRC},
    url = {https://tellingstorieswithdata.com/}
  }  
  
  
@misc{afrobarometer2023,
  author       = {Afrobarometer},
  title        = {Afrobarometer Round 9, Nigeria, 2023},
  year         = {2023},
  url          = {https://www.afrobarometer.org/survey-resource/nigeria-round-9-data-2023/},
  note         = {Accessed: November 27, 2024},
  organization = {Afrobarometer Network},
  keywords     = {Nigeria, public opinion, governance, democracy, corruption, socioeconomic data},
  abstract     = {Afrobarometer surveys are conducted across African nations to assess public attitudes toward democracy, governance, the economy, and other topics. This dataset represents the 9th round of surveys conducted in Nigeria in 2023.}
}

@misc{worldbank2022rural,
  title        = {Rural population (% of total population) - Nigeria},
  author       = {World Bank},
  year         = {2022},
  url          = {https://data.worldbank.org/indicator/SP.RUR.TOTL?locations=NG},
  note         = {Accessed: 2024-11-28}
}

@manual{Afrobarometer2022codebook,
  title        = {Afrobarometer Nigeria Round 9 Codebook, 2022},
  author       = {Afrobarometer},
  year         = {2022},
  url          = {https://www.afrobarometer.org/survey-resource/nigeria-round-9-codebook-2022/},
  note         = {Accessed: November 29, 2024}
}

@manual{survey_manual_2022,
  title        = {Afrobarometer Round 9: Survey Manual},
  author       = {Afrobarometer},
  year         = {2022},
  url          = {https://www.afrobarometer.org/wp-content/uploads/2022/07/AB_R9.-Survey-Manual_eng_FINAL_20jul22.pdf},
  note         = {Accessed: 2024-11-30}
}

@Article{modelsummary,
    title = {{modelsummary}: Data and Model Summaries in {R}},
    author = {Vincent Arel-Bundock},
    journal = {Journal of Statistical Software},
    year = {2022},
    volume = {103},
    number = {1},
    pages = {1--23},
    doi = {10.18637/jss.v103.i01},
  }
  
@Manual{rstanarm,
  title = {rstanarm: Bayesian Applied Regression Modeling via Stan},
  author = {Stan Development Team},
  year = {2021},
  url = {https://mc-stan.org/rstanarm},
  note = {R package version 2.21.1}
}

@Manual{dplyr,
    title = {dplyr: A Grammar of Data Manipulation},
    author = {Hadley Wickham and Romain François and Lionel Henry and Kirill Müller and Davis Vaughan},
    year = {2023},
    note = {R package version 1.1.4},
    url = {https://CRAN.R-project.org/package=dplyr},
  }
  
  
@Manual{here,
    title = {here: A Simpler Way to Find Your Files},
    author = {Kirill Müller},
    year = {2020},
    note = {R package version 1.0.1},
    url = {https://CRAN.R-project.org/package=here},
  }
  
@Manual{arrow,
    title = {arrow: Integration to 'Apache' 'Arrow'},
    author = {Neal Richardson and Ian Cook and Nic Crane and Dewey Dunnington and Romain François and Jonathan Keane and Dragoș Moldovan-Grünfeld and Jeroen Ooms and Jacob Wujciak-Jens and {Apache Arrow}},
    year = {2024},
    note = {R package version 17.0.0.1},
    url = {https://CRAN.R-project.org/package=arrow},
  }
  
@Manual{bayesplot,
  title = {bayesplot: Plotting for Bayesian Models},
  author = {Gabriel Gelman and Jonah Gabry and others},
  year = {2021},
  url = {https://mc-stan.org/bayesplot},
  note = {R package version 1.8.0}
}

@Book{ggplot2,
    author = {Hadley Wickham},
    title = {ggplot2: Elegant Graphics for Data Analysis},
    publisher = {Springer-Verlag New York},
    year = {2016},
    isbn = {978-3-319-24277-4},
    url = {https://ggplot2.tidyverse.org},
  }
  
  
@Manual{patchwork,
    title = {patchwork: The Composer of Plots},
    author = {Thomas Lin Pedersen},
    year = {2024},
    note = {R package version 1.3.0},
    url = {https://CRAN.R-project.org/package=patchwork},
  }
  
@Manual{knitr,
  title = {knitr: A General-Purpose Package for Dynamic Report Generation in R},
  author = {Yihui Xie},
  year = {2021},
  url = {https://yihui.org/knitr/},
  note = {R package version 1.33}
}

@Manual{kableExtra,
    title = {kableExtra: Construct Complex Table with 'kable' and Pipe Syntax},
    author = {Hao Zhu},
    year = {2024},
    note = {R package version 1.4.0},
    url = {https://CRAN.R-project.org/package=kableExtra},
  }
  
  
@Manual{haven,
    title = {haven: Import and Export 'SPSS', 'Stata' and 'SAS' Files},
    author = {Hadley Wickham and Evan Miller and Danny Smith},
    year = {2023},
    note = {R package version 2.5.4},
    url = {https://CRAN.R-project.org/package=haven},
  }
  
@Manual{broommixed,
    title = {broom.mixed: Tidying Methods for Mixed Models},
    author = {Ben Bolker and David Robinson},
    year = {2024},
    note = {R package version 0.2.9.6},
    url = {https://CRAN.R-project.org/package=broom.mixed},
  }
  
  @Manual{ggalt,
    title = {ggalt: Extra Coordinate Systems, 'Geoms', Statistical Transformations,
Scales and Fonts for 'ggplot2'},
    author = {Bob Rudis and Ben Bolker and Jan Schulz},
    year = {2017},
    note = {R package version 0.4.0},
    url = {https://CRAN.R-project.org/package=ggalt},
  }
  
  
@report{transparency2019,
  title        = {Global Corruption Barometer Africa 2019},
  author       = {{Transparency International}},
  year         = {2019},
  institution  = {Transparency International},
  url          = {https://www.transparency.org/en/publications/global-corruption-barometer-africa-2019},
  note         = {Accessed: December 2024}
}

@techreport{afrobarometer2007,
  title        = {Corruption and Institutional Trust in Africa: Implications for Democratic Development},
  author       = {Daniel Armah-Attoh and E. Gyimah-Boadi and Annie Barbara Chikwanha},
  year         = {2007},
  institution  = {Afrobarometer},
  series       = {Afrobarometer Working Paper No. 81},
  url          = {https://www.afrobarometer.org/publications},
  note         = {Accessed: December 2024}
}

@techreport{u4nigeria2023,
  title        = {Corruption and Anti-Corruption Efforts in Nigeria},
  author       = {{U4 Anti-Corruption Helpdesk}},
  year         = {2023},
  institution  = {Transparency International/U4 Anti-Corruption Resource Centre},
  url          = {https://www.u4.no/publications},
  note         = {Accessed: December 2024}
}


@misc{UNFPA2023,
  author       = {{United Nations Population Fund}},
  title        = {Country Programme Document for Nigeria (2023-2027)},
  year         = 2023,
  url          = {https://nigeria.unfpa.org/sites/default/files/pub-pdf/dp.fpa_.cpd_.nga_.9_-_nigeria_cpd_-_eng.pdf},
  note         = {Accessed: December 2, 2024}
}

@misc{GenderCorruption2021,
  author       = {{Organization for Security and Co-operation in Europe}},
  title        = {Gender and Corruption: What Do We Know?},
  year         = 2021,
  url          = {https://www.osce.org/files/f/documents/4/6/507569.pdf},
  note         = {Accessed: December 2, 2024}
}

@article{bias2022,
  title        = {Corruption and its psychological implications: A systematic review},
  author       = {Tricia Gower,Julie Pham, Ernest N. Jouriles, David Rosenfield,Holly J. Bowen},
  journal      = {Clinical Psychology Review},
  volume       = {94},
  pages        = {102159},
  year         = {2022},
  publisher    = {Elsevier},
  doi          = {https://doi.org/10.1016/j.cpr.2022.102159},
  url          = {https://www.sciencedirect.com/science/article/abs/pii/S0272735822000447},
  note         = {Accessed: December 2, 2024}
}

@misc{corruptionsurvey2024,
  author       = {{United Nations Office on Drugs and Crime (UNODC)}},
  title        = {3rd Corruption Survey in Nigeria: Executive Summary},
  year         = {2024},
  url          = {https://www.unodc.org/conig/uploads/documents/3rd_corruption_survey_exec_sum_2024_07_09_web.pdf},
  note         = {Accessed: December 2, 2024}
}

@misc{waporethics,
  title        = {Code of Ethics},
  author       = {{World Association for Public Opinion Research (WAPOR)}},
  year         = {2018},
  url          = {https://wapor.org/about-wapor/code-of-ethics/},
  note         = {Accessed: 2024-12-03}
}
